<?xml version="1.0" encoding="UTF-8"?><collection xmlns="http://www.loc.gov/MARC21/slim"><record><leader>00714nam--2200193-i-4500</leader><controlfield tag="001">000002188</controlfield><controlfield tag="002">20161230</controlfield><controlfield tag="005">20161230201024</controlfield><controlfield tag="008">060222s1000------------r-----000-0-eng-d</controlfield><datafield ind1=" " ind2=" " tag="040"><subfield code="a">IFIN-HH</subfield></datafield><datafield ind1=" " ind2=" " tag="080"><subfield code="a">539.12.162(061.3)</subfield></datafield><datafield ind1="1" ind2=" " tag="100"><subfield code="a">Allred, John C</subfield></datafield><datafield ind1="1" ind2="0" tag="245"><subfield code="a">Proceedings of the third lampf ii workshop los alamos national laboratory los alamos, new mexico, july 18-28, 1983</subfield><subfield code="c">John c. allred, t.s. bhatia, kit ruminer, beverly talley (eds.)</subfield></datafield><datafield ind1=" " ind2=" " tag="260"><subfield code="a">Los Alamos, New Mexico</subfield><subfield code="b">Los Alamos National Laboratory</subfield><subfield code="c">1983</subfield></datafield><datafield ind1=" " ind2=" " tag="300"><subfield code="a">TWO VOLUMES</subfield></datafield><datafield ind1="1" ind2=" " tag="700"><subfield code="a">Talley, Beverly</subfield><subfield code="e">Ed</subfield></datafield><datafield ind1="1" ind2=" " tag="787"><subfield code="a">Volume Ii</subfield><subfield code="h">/539p./1054p</subfield><subfield code="t">La-9933-c, Vol. Ii Conference</subfield></datafield><datafield ind1=" " ind2=" " tag="852"><subfield code="a">79185</subfield><subfield code="c">539.12</subfield></datafield><datafield ind1=" " ind2=" " tag="CAT"><subfield code="a">Sys</subfield><subfield code="c">20120131</subfield><subfield code="h">155717</subfield></datafield></record></collection>